@MISC{Fung97findingterminology,
    author = {Pascale Fung and Kathleen Mckeown},
    title = {Finding Terminology Translations From Non-Parallel Corpora},
    year = {1997}
}
